@article{wang2001thermophysics,
  title={Thermophysics characterization of kerosene combustion},
  author={Wang, Ten-See},
  journal={Journal of Thermophysics and Heat Transfer},
  volume={15},
  number={2},
  pages={140--147},
  year={2001}
}
@article{wang2018physics,
  title={A physics-based approach to modeling real-fuel combustion chemistry-I. Evidence from experiments, and thermodynamic, chemical kinetic and statistical considerations},
  author={Wang, Hai and Xu, Rui and Wang, Kun and Bowman, Craig T and Hanson, Ronald K and Davidson, David F and Brezinsky, Kenneth and Egolfopoulos, Fokion N},
  journal={Combustion and Flame},
  volume={193},
  pages={502--519},
  year={2018},
  publisher={Elsevier}
}
@article{xu2018physics,
  title={A physics-based approach to modeling real-fuel combustion chemistry--II. Reaction kinetic models of jet and rocket fuels},
  author={Xu, Rui and Wang, Kun and Banerjee, Sayak and Shao, Jiankun and Parise, Tom and Zhu, Yangye and Wang, Shengkai and Movaghar, Ashkan and Lee, Dong Joon and Zhao, Runhua and others},
  journal={Combustion and Flame},
  volume={193},
  pages={520--537},
  year={2018},
  publisher={Elsevier}
}
@article{xu2019principle,
  title={Principle of large component number in multicomponent fuel combustion--a Monte Carlo study},
  author={Xu, Rui and Wang, Hai},
  journal={Proceedings of the combustion institute},
  volume={37},
  number={1},
  pages={613--620},
  year={2019},
  publisher={Elsevier}
}
@article{contino2011coupling,
  title={Coupling of in situ adaptive tabulation and dynamic adaptive chemistry: An effective method for solving combustion in engine simulations},
  author={Contino, Francesco and Jeanmart, Herv{\'e} and Lucchini, Tommaso and D’Errico, Gianluca},
  journal={Proceedings of the Combustion Institute},
  volume={33},
  number={2},
  pages={3057--3064},
  year={2011},
  publisher={Elsevier}
}
@article{parente2016extension,
  title={Extension of the Eddy Dissipation Concept for turbulence/chemistry interactions to MILD combustion},
  author={Parente, Alessandro and Malik, Mohammad Rafi and Contino, Francesco and Cuoci, Alberto and Dally, Bassam B},
  journal={Fuel},
  volume={163},
  pages={98--111},
  year={2016},
  publisher={Elsevier}
}
@inproceedings{magnussen2005eddy,
  title={The eddy dissipation concept: A bridge between science and technology},
  author={Magnussen, Bj{\o}rn F},
  booktitle={ECCOMAS thematic conference on computational combustion},
  volume={21},
  pages={24},
  year={2005},
  organization={Libson, Portugal}
}
@techreport{o1987tab,
  title={The TAB method for numerical calculation of spray droplet breakup},
  author={O'Rourke, Peter J and Amsden, Anthony A},
  year={1987},
  institution={SAE technical paper}
}
@article{tanner1997liquid,
  title={Liquid jet atomization and droplet breakup modeling of non-evaporating diesel fuel sprays},
  author={Tanner, Franz X},
  journal={SAE transactions},
  pages={127--140},
  year={1997},
  publisher={JSTOR}
}
@techreport{tanner1998simulation,
  title={Simulation of liquid jet atomization for fuel sprays by means of a cascade drop breakup model},
  author={Tanner, FX and Weisser, G},
  year={1998},
  institution={SAE Technical Paper}
}
@inproceedings{schmehl2000cfd,
  title={CFD analysis of fuel atomization, secondary droplet breakup and spray dispersion in the premix duct of a LPP combustor},
  author={Schmehl, Roland and Maier, Georg and Wittig, Sigmar},
  booktitle={Eighth International Conference on Liquid Atomization and Spray Systems},
  year={2000}
}
@article{pilch1987use,
  title={Use of breakup time data and velocity history data to predict the maximum size of stable fragments for acceleration-induced breakup of a liquid drop},
  author={Pilch, M and Erdman, CA},
  journal={International journal of multiphase flow},
  volume={13},
  number={6},
  pages={741--757},
  year={1987},
  publisher={Elsevier}
}
@article{reitz1987modeling,
  title={Modeling atomization processes in high-pressure vaporizing sprays},
  author={Reitz, Rolfd and others},
  journal={Atomisation and Spray technology},
  volume={3},
  number={4},
  pages={309--337},
  year={1987}
}
@article{reitz1986effect,
  title={Effect of drop breakup on fuel sprays},
  author={Reitz, Rolf D and Diwakar, R},
  journal={SAE transactions},
  pages={218--227},
  year={1986},
  publisher={JSTOR}
}
@article{reitz1987structure,
  title={Structure of high-pressure fuel sprays},
  author={Reitz, Rolf D and Diwakar, Rm},
  journal={SAE transactions},
  pages={492--509},
  year={1987},
  publisher={JSTOR}
}
@article{han1997modeling,
  title={Modeling atomization processes of pressure-swirl hollow-cone fuel sprays},
  author={Han, Zhiyu and Parrish, Scott E and Farrell, Patrick V and Reitz, Rolf D},
  journal={Atomization and sprays},
  volume={7},
  number={6},
  year={1997},
  publisher={Begel House Inc.}
}
@techreport{allocca2002experimental,
  title={Experimental validation of a GDI spray model},
  author={Allocca, Luigi and Bella, Gino and De Vita, A and Di Angelo, L},
  year={2002},
  institution={SAE Technical Paper}
}
@article{senecal1999modeling,
  title={Modeling high-speed viscous liquid sheet atomization},
  author={Senecal, PK and Schmidt, David P and Nouar, Idriss and Rutland, Christopher J and Reitz, Rolf D and Corradini, ML},
  journal={International journal of multiphase flow},
  volume={25},
  number={6-7},
  pages={1073--1097},
  year={1999},
  publisher={Elsevier}
}
@article{schmidt1999pressure,
  title={Pressure-swirl atomization in the near field},
  author={Schmidt, David P and Nouar, Idriss and Senecal, PK and Rutland, J and Martin, JK and Reitz, Rolf D and Hoffman, Jeffrey A},
  journal={SAE transactions},
  pages={471--484},
  year={1999},
  publisher={JSTOR}
}
@article{chen2017numerical,
  title={Numerical investigation of the interaction, transport and deposition of multicomponent droplets in a simple mouth-throat model},
  author={Chen, Xiaole and Feng, Yu and Zhong, Wenqi and Kleinstreuer, Clement},
  journal={Journal of aerosol science},
  volume={105},
  pages={108--127},
  year={2017},
  publisher={Elsevier}
}
@inproceedings{zuo2000studies,
  title={Studies of superheated fuel spray structures and vaporization in GDI engines},
  author={Zuo, Baifang and Gomes, AM and Rutland, CJ},
  booktitle={Eleventh international multidimensional engine modeling user’s group meeting},
  pages={9},
  year={2000}
}
@misc{ref1,
  author = {{National Technology and Engineering Solutions of Sandia, LLC (NTESS)}},
  title = {Spray A \& B},
  year = {2019},
  howpublished = {\url{https://ecn.sandia.gov/diesel-spray-combustion/target-condition/spray-ab/}},
  note = {Accessed 6 April 2021}
}
@misc{ref2,
  author = {Arienti, M. and Schmidt, D. P. and Powell, C.},
  title = {Internal Modeling: Summary of Needs},
  year = {2012},
  howpublished = {\url{https://ecn.sandia.gov/workshop/ECN2/InternalFlow.pdf}},
  note = {Accessed 6 April 2021}
}
@misc{ref3,
  author = {Manin, J. and Habchi, C. and Som, S.},
  title = {Guidance on Experiments and Simulations to be Performed},
  year = {2012},
  howpublished = {\url{https://ecn.sandia.gov/workshop/ECN2/SprayDevVap.pdf}},
  note = {Accessed 6 April 2021}
}
isc{ref4,
  author = {{National Technology and Engineering Solutions of Sandia, LLC (NTESS)}},
  title = {ECN2 Contributions},
  year = {2019},
  howpublished = {\url{https://ecn.sandia.gov/ecn2-contributions-2/}},
  note = {Accessed 6 April 2021}
}
@misc{ref5,
  author = {D'Errico, G. and Malbec, L-M.},
  title = {Mixing and Velocity: Objectives and Modelling Data Collection for ECN2},
  year = {2012},
  howpublished = {\url{https://ecn.sandia.gov/workshop/ECN2/MixingVelocity.pdf}},
  note = {Accessed 6 April 2021}
}
@misc{ref6,
  author = {{National Technology and Engineering Solutions of Sandia, LLC (NTESS)}},
  title = {Modeling Standards},
  year = {2019},
  howpublished = {\url{https://ecn.sandia.gov/diesel-spray-combustion/computational-method/modeling-standards/}},
  note = {Accessed 6 April 2021}
}
@article{ref7,
  author = {Di Ilio, G. and Krastev, V. and Piscaglia, F. and Bella, G.},
  title = {Hybrid URANS/LES Turbulence Modeling for Spray Simulation: A Computational Study},
  journal = {SAE Technical Paper},
  year = {2019},
  volume = {2019-01-0270},
  pages = {1--16},
  doi = {10.4271/2019-01-0270}
}
@article{ref8,
  author = {Pandal, A. and Pastor, J. and Payri, R. and Kastengren, A. and Duke, D. and Matusik, K. and Schmidt, D.},
  title = {Computational and Experimental Investigation of Interfacial Area in Near-Field Diesel Spray Simulation},
  journal = {SAE International Journal of Fuels and Lubricants},
  year = {2017},
  volume = {10},
  number = {2},
  pages = {423--431},
  doi = {10.4271/2017-01-0859}
}
@misc{ref9,
  author = {{CMT-Motores Térmicos}},
  title = {Virtual Injection Rate Generator},
  year = {n.d.},
  howpublished = {\url{https://www.cmt.upv.es/ECN03.aspx}},
  note = {Accessed 7 April 2021}
}
@article{ref10,
  author = {Reitz, R. D. and Diwakar, R.},
  title = {Structure of High-Pressure Fuel Sprays},
  journal = {SAE Transactions},
  year = {1987},
  pages = {492--509},
  note = {SAE:870598},
  url = {https://www.jstor.org/stable/44718226}
}
@article{ref11,
  author = {Beale, J. C. and Reitz, R. D.},
  title = {Modeling Spray Atomization with the Kelvin-Helmholtz/Rayleigh-Taylor Hybrid Model},
  journal = {Atomization and Sprays},
  year = {1999},
  volume = {9},
  number = {6}
}
@techreport{ref12,
  author = {Amsden, A. A. and O'Rourke, P. J. and Butler, T. D.},
  title = {KIVA-II: A Computer Program for Chemically Reactive Flows with Sprays},
  institution = {Los Alamos National Lab.(LANL), Los Alamos, NM (United States)},
  year = {1989},
  number = {LA-11560-MS},
  doi = {10.2172/6228444}
}
@article{ref13,
  author = {Liu, A. B. and Mather, D. and Reitz, R. D.},
  title = {Modeling the Effects of Drop Drag and Breakup on Fuel Sprays},
  journal = {SAE Transactions},
  year = {1993},
  pages = {83--95},
  url = {https://www.jstor.org/stable/44611358}
}
@article{ref14,
  author = {Kahila, H. and Kaario, O. and Ahmad, Z. and Masouleh, M. G. and Tekgül, B. and Larmi, M. and Vuorinen, V.},
  title = {A Large-Eddy Simulation Study on the Influence of Diesel Pilot Spray Quantity on Methane-Air Flame Initiation},
  journal = {Combustion and Flame},
  year = {2019},
  volume = {206},
  pages = {506--521},
  doi = {10.1016/j.combustflame.2019.05.025}
}
@techreport{ref15,
  author = {Frossling, N.},
  title = {Evaporation, Heat Transfer, and Velocity Distribution in Two-Dimensional and Rotationally Symmetrical Laminar Boundary-Layer Flow},
  institution = {NACA},
  year = {1956},
  number = {ADB1891}
}
@techreport{ref16,
  author = {Amsden, A. A.},
  title = {KIVA-3: A KIVA Program with Block-Structured Mesh for Complex Geometries},
  institution = {Los Alamos National Lab., NM (United States)},
  year = {1993},
  number = {LA-12503-MS},
  url = {https://www.osti.gov/biblio/6605386}
}
@article{ref17,
  author = {Wehrfritz, A. and Vuorinen, V. and Kaario, O. and Larmi, M.},
  title = {Large Eddy Simulation of High-Velocity Fuel Sprays: Studying Mesh Resolution and Breakup Model Effects for Spray A},
  journal = {Atomization and Sprays},
  year = {2013},
  volume = {23},
  number = {5},
  doi = {10.1615/AtomizSpr.2013007342}
}
@article{ack1,
  author = {Tekgül, B. and Peltonen, P. and Kahila, H. and Kaario, O. and Vuorinen, V.},
  title = {DLBFoam: An Open-Source Dynamic Load Balancing Model for Fast Reacting Flow Simulations in OpenFOAM},
  journal = {Computer Physics Communications},
  year = {2021},
  volume = {267},
  doi = {10.1016/j.cpc.2021.108073}
}
@article{ack2,
  author = {Morev, I. and Tekgül, B. and Gadalla, M. and Shahanaghi, A. and Kannan, J. and Karimkashi, S. and Kaario, O. and Vuorinen, V.},
  title = {Fast Reactive Flow Simulations Using Analytical Jacobian and Dynamic Load Balancing in OpenFOAM},
  journal = {Physics of Fluids},
  year = {2022},
  volume = {34},
  number = {021801},
  doi = {10.1063/5.0077437}
}
@article{barlow2005piloted,
  title={Piloted methane/air jet flames: Transport effects and aspects of scalar structure},
  author={Barlow, RS and Frank, JH and Karpetis, AN and Chen, J-Y},
  journal={Combustion and flame},
  volume={143},
  number={4},
  pages={433--449},
  year={2005},
  publisher={Elsevier}
}
@techreport{santoro1997experimental,
  title={An experimental study of characteristic combustion-driven flow for CFD validation},
  author={Santoro, Robert J},
  year={1997}
}
@article{santoro1999main,
  title={Main chamber and preburner injector technology},
  author={Santoro, Robert J and Merkle, Charles L},
  year={1999}
}
@inproceedings{jones2006local,
  title={Local Heat Flux Measurements with Single and Small Multi-element Coaxial Element-Injectors},
  author={Jones, Gregg and Protz, Christopher and Bullard, Brad and Hulka, James},
  booktitle={42nd AIAA/ASME/SAE/ASEE Joint Propulsion Conference},
  number={AIAA Paper 2006-5194},
  year={2006}
}
@inproceedings{zhou2020openfoam,
  title={An OpenFOAM-based fully compressible reacting flow solver with detailed transport and chemistry for high-speed combustion simulations},
  author={Zhou, Dezhi and Zou, Shufan and Yang, Suo},
  booktitle={AIAA Scitech 2020 Forum},
  pages={0872},
  year={2020}
}
@inproceedings{cymbalist2016application,
  title={Application of the evolution-variable manifold approach to cavity-stabilized ethylene combustion},
  author={Cymbalist, Niccolo and Candler, Graham V and Dimotakis, Paul},
  booktitle={46th AIAA Fluid Dynamics Conference},
  pages={3481},
  year={2016}
}
@inproceedings{mrema2019large,
  title={Large eddy simulation of supersonic combustion using the flamelet/progress-variable approach and the evolution-variable manifold approach},
  author={Mrema, Honest F and Candler, Graham V},
  booktitle={AIAA Scitech 2019 Forum},
  pages={1446},
  year={2019}
}
@article{lu2005directed,
  title={A directed relation graph method for mechanism reduction},
  author={Lu, Tianfeng and Law, Chung K},
  journal={Proceedings of the Combustion Institute},
  volume={30},
  number={1},
  pages={1333--1341},
  year={2005},
  publisher={Elsevier}
}
@article{pepiot2008efficient,
  title={An efficient error-propagation-based reduction method for large chemical kinetic mechanisms},
  author={Pepiot-Desjardins, Perrine and Pitsch, Heinz},
  journal={Combustion and Flame},
  volume={154},
  number={1-2},
  pages={67--81},
  year={2008},
  publisher={Elsevier}
}
@article{sun2010path,
  title={A path flux analysis method for the reduction of detailed chemical kinetic mechanisms},
  author={Sun, Wenting and Chen, Zheng and Gou, Xiaolong and Ju, Yiguang},
  journal={Combustion and Flame},
  volume={157},
  number={7},
  pages={1298--1307},
  year={2010},
  publisher={Elsevier}
}
@article{gao2016global,
  title={A global pathway selection algorithm for the reduction of detailed chemical kinetic mechanisms},
  author={Gao, Xiang and Yang, Suo and Sun, Wenting},
  journal={Combustion and Flame},
  volume={167},
  pages={238--247},
  year={2016},
  publisher={Elsevier}
}
@article{liang2009dynamic,
  title={A dynamic adaptive chemistry scheme for reactive flow computations},
  author={Liang, Long and Stevens, John G and Farrell, John T},
  journal={Proceedings of the Combustion Institute},
  volume={32},
  number={1},
  pages={527--534},
  year={2009},
  publisher={Elsevier}
}
@article{yang2017parallel,
  title={Parallel on-the-fly adaptive kinetics in direct numerical simulation of turbulent premixed flame},
  author={Yang, Suo and Ranjan, Reetesh and Yang, Vigor and Menon, Suresh and Sun, Wenting},
  journal={Proceedings of the Combustion Institute},
  volume={36},
  number={2},
  pages={2025--2032},
  year={2017},
  publisher={Elsevier}
}
@article{yang2017sensitivity,
  title={Sensitivity of predictions to chemical kinetics models in a temporally evolving turbulent non-premixed flame},
  author={Yang, Suo and Ranjan, Reetesh and Yang, Vigor and Sun, Wenting and Menon, Suresh},
  journal={Combustion and Flame},
  volume={183},
  pages={224--241},
  year={2017},
  publisher={Elsevier}
}
@article{zhou2018computational,
  title={Computational acceleration of multi-dimensional reactive flow modelling using diesel/biodiesel/jet-fuel surrogate mechanisms via a clustered dynamic adaptive chemistry method},
  author={Zhou, Dezhi and Tay, Kun Lin and Li, Han and Yang, Wenming},
  journal={Combustion and Flame},
  volume={196},
  pages={197--209},
  year={2018},
  publisher={Elsevier}
}
@article{pope1997computationally,
  title={Computationally efficient implementation of combustion chemistry using in situ adaptive tabulation},
  author={Pope, Stephen B},
  year={1997},
  publisher={Taylor \& Francis}
}
@article{liu2021flow,
  title={Flow dynamics of shear-coaxial cryogenic nitrogen jets under supercritical conditions with and without acoustic excitations},
  author={Liu, Tao and Wang, Xingjian and Yang, Vigor},
  journal={Physics of Fluids},
  volume={33},
  number={7},
  year={2021},
  publisher={AIP Publishing}
}
@article{sathishkumar2022modelling,
  title={Modelling and Validating the Spray Characteristics of a Co-axial Twin-Fluid Atomizer Using OpenFOAM},
  author={Sathishkumar, S and Rao, BS and Pradeep, S and Sairam, RMS and Kalaiarasu, B and Selvaraj, B},
  journal={J. of Adv. Res. in Fluid Mech. and Thermal Sci},
  volume={91},
  pages={35--45},
  year={2022}
}
@article{li2017comprehensive,
  title={Comprehensive numerical study of the Adelaide Jet in Hot-Coflow burner by means of RANS and detailed chemistry},
  author={Li, Zhiyi and Cuoci, Alberto and Sadiki, Amsini and Parente, Alessandro},
  journal={Energy},
  volume={139},
  pages={555--570},
  year={2017},
  publisher={Elsevier}
}
@article{ferrarotti2020heat,
  title={Heat release rate markers for the adelaide jet in hot coflow flame},
  author={Ferrarotti, Marco and Amaduzzi, Ruggero and Bascherini, Davide and Galletti, Chiara and Parente, Alessandro},
  journal={Frontiers in Mechanical Engineering},
  volume={6},
  pages={5},
  year={2020},
  publisher={Frontiers Media SA}
}
@inproceedings{awakem2022application,
  title={Application of reduced mechanism by DRGEP-CSP approach to the numerical simulation of biogas diluted with the H2-CO2 couple},
  author={Awakem, David and Wandji, William Nyamsi and Wouapi, Marcel Kemayou and Noume, Hermann Chopkap and Fouda, Henri Paul Ekobena},
  booktitle={E3S Web of Conferences},
  volume={354},
  pages={03006},
  year={2022},
  organization={EDP Sciences}
}
@inproceedings{chitalov2021developing,
  title={Developing a module to convert OpenFOAM computational meshes to the msh format},
  author={Chitalov, D},
  booktitle={Journal of Physics: Conference Series},
  volume={2094},
  number={3},
  pages={032022},
  year={2021},
  organization={IOP Publishing}
}
@mastersthesis{wesseltoft2022numerical,
  title={A Numerical Investigation of Turbulent Combustion in Pool Fires using OpenFOAM},
  author={Wesseltoft, Erlend Austad},
  year={2022},
  school={NTNU}
}
